<record><leader>00000cas a22000007a 4500</leader><controlfield tag="001">14948952</controlfield><controlfield tag="008">861210c19819999iauwr ne      0    0eng d</controlfield><datafield ind1=" " ind2=" " tag="010"><subfield code="a">sn 86061209 </subfield></datafield><datafield ind1=" " ind2=" " tag="040"><subfield code="a">INP</subfield><subfield code="b">eng</subfield><subfield code="c">INP</subfield><subfield code="d">OCLCQ</subfield></datafield><datafield ind1=" " ind2=" " tag="042"><subfield code="a">msc</subfield></datafield><datafield ind1="0" ind2="0" tag="245"><subfield code="a">Beacon-forum.</subfield></datafield><datafield ind1=" " ind2=" " tag="260"><subfield code="a">Eldon, Iowa :</subfield><subfield code="b">[s.n.],</subfield><subfield code="c">1981-</subfield></datafield><datafield ind1=" " ind2=" " tag="300"><subfield code="a">v. :</subfield><subfield code="b">ill.</subfield></datafield><datafield ind1=" " ind2=" " tag="310"><subfield code="a">Weekly</subfield></datafield><datafield ind1="0" ind2=" " tag="362"><subfield code="a">Vol. 97, no. 42 (Oct. 14, 1981)-</subfield></datafield><datafield ind1=" " ind2=" " tag="752"><subfield code="a">United States</subfield><subfield code="b">Iowa</subfield><subfield code="c">Wapello</subfield><subfield code="d">Eldon.</subfield></datafield><datafield ind1="0" ind2="4" tag="780"><subfield code="t">Eldon forum (Eldon, Iowa : 1921)</subfield><subfield code="w">(DLC)sn 86061208</subfield></datafield><datafield ind1="0" ind2="4" tag="780"><subfield code="t">Batavia beacon</subfield><subfield code="w">(DLC)sn 86060191</subfield></datafield></record>